%%%%%%%%%%%%%%%%%%%%%%%%%%%%%%%%%%%%%%%%%%%%%%%%%%%%%%%%%%%%%%%%%%%%%%%%%%%%%%%%
%%%%%%%%%%%%%%%%%%%% INSERINDO COMENTÁRIOS EM ARQUIVOS .bib %%%%%%%%%%%%%%%%%%%%
%%%%%%%%%%%%%%%%%%%%%%%%%%%%%%%%%%%%%%%%%%%%%%%%%%%%%%%%%%%%%%%%%%%%%%%%%%%%%%%%
%
% 1. Como em outros arquivos LaTeX, comentários são iniciados por "%" e,
%    portanto, é preciso usar "\%" para imprimir o caractere "%". Esquecer
%    disso pode gerar erros difíceis de encontrar!
%
% 2. Não é possível inserir comentários dentro de uma entrada, apenas fora.
%
% 3. Não é possível incluir o caractere arroba em um comentário.
%
% 4. Se quiser desabilitar temporariamente um campo ("comentar" o campo),
%    troque seu nome para algum nome inválido, como "author-disable".
%    Se quiser fazer alguma observação permanente dentro de uma entrada,
%    você também pode usar algum nome de campo inválido, como "lembrete",
%    ou usar o campo "annotation", que normalmente é ignorado.
%
% 5. Se quiser desabilitar temporariamente uma entrada inteira ("comentar" a
%    entrada), não basta colocar "%" nas linhas correspondentes por causa do
%    caractere arroba; também é preciso remover a arroba.
%
% 6. Na verdade, as regras não são bem essas, mas segui-las é uma boa ideia:
%    https://tex.stackexchange.com/a/262282
%
% Por exemplo, esta entrada está comentada, ou seja, não tem efeito: se
% houvesse uma referência a ela no texto, a referência ficaria inválida.
% Observe que, para isso, o caractere arroba foi apagado!
%
%Book{JW82,
% author    = {Richard A. Johnson and Dean W. Wichern},
% title     = {Applied Multivariate Statistical Analysis},
% publisher = {Prentice-Hall},
% year      = {1983}
%}


%%%%%%%%%%%%%%%%%%%%%%%%%%%%%%%%%%%%%%%%%%%%%%%%%%%%%%%%%%%%%%%%%%%%%%%%%%%%%%%%
%%%%%%%%%%%%%%%%%%%%%%%%%%%%%%% O CAMPO "MONTH" %%%%%%%%%%%%%%%%%%%%%%%%%%%%%%%%
%%%%%%%%%%%%%%%%%%%%%%%%%%%%%%%%%%%%%%%%%%%%%%%%%%%%%%%%%%%%%%%%%%%%%%%%%%%%%%%%
%
% biblatex prefere o uso do campo "date" para definir ano, mês etc. No
% entanto, se você quiser garantir compatibilidade tanto com biblatex
% quanto com bibtex, use os campos "year" e "month". Ambos reconhecem
% diversos formatos para o campo "month", mas apenas um funciona
% corretamente com os dois: o nome do mês em inglês, abreviado com três
% letras minúsculas e sem chaves, ou seja:
%
% ...
% author = {Somebody},
% year = {2011},
% month = oct,
% title = {Some title},
% ...


%%%%%%%%%%%%%%%%%%%%%%%%%%%%%%%%%%%%%%%%%%%%%%%%%%%%%%%%%%%%%%%%%%%%%%%%%%%%%%%%

% Esta entrada não está em uso em tese.tex, apenas em
% apresentacao.tex, mas isso não é um problema: você pode
% ter um banco de dados com todos os papers que são de seu
% interesse e, em um dado texto, citar apenas alguns deles.

@article{marcel2016flag,
  title={Flag algebras: A first glance},
  author={Silva, Marcel K and Sato, Cristiane Maria and others},
  journal={arXiv preprint arXiv:1607.04741},
  year={2016}
}

@article{erdos1988make,
  title={How to make a graph bipartite.},
  author={Erd{\"o}s, Paul and Faudree, Ralph J and Pach, J{\'a}nos and Spencer, Joel H},
  journal={J. Comb. Theory, Ser. B},
  volume={45},
  number={1},
  pages={86--98},
  year={1988}
}

@inproceedings{erdos1992many,
  title={How many edges should be deleted to make a triangle-free graph bipartite},
  author={Erd{\H{o}}s, Paul and Gy{\H{o}}ri, Ervin and Simonovits, Mikl{\'o}s},
  booktitle={Sets, graphs and numbers, Colloq. Math. Soc. J{\'a}nos Bolyai},
  volume={60},
  pages={239--263},
  year={1992}
}

@article{mota2019andrasfai,
  title={On the local density problem for graphs of given odd-girth},
  author={Bedenknecht, Wiebke and Mota, Guilherme Oliveira and Reiher, Christian and Schacht, Mathias},
  journal={Journal of Graph Theory},
  volume={90},
  number={2},
  pages={137--149},
  year={2019},
  publisher={Wiley Online Library}
}

@article{brandt2011vega,
  title={Dense triangle-free graphs are four-colorable: A solution to the Erdos-Simonovits problem},
  author={Brandt, Stephan and Thomass{\'e}, St{\'e}phan},
  journal={preprint},
  pages={172},
  year={2011}
}

@article{andrasfai19742n5,
  title={On the connection between chromatic number, maximal clique and minimal degree of a graph},
  author={Andr{\'a}sfai, B{\'e}la and Erd{\"o}s, Paul and S{\'o}s, Vera T},
  journal={Discrete Mathematics},
  volume={8},
  number={3},
  pages={205--218},
  year={1974},
  publisher={Elsevier}
}

@article{jin199510n29,
  title={Triangle-free four-chromatic graphs},
  author={Jin, Guoping},
  journal={Discrete Mathematics},
  volume={145},
  number={1-3},
  pages={151--170},
  year={1995},
  publisher={Elsevier}
}

@book{livrocombinatoria,
  author       = {F. H. Botler and M. Collares and T. Martins and W. Mendon{\c c}a and G. O. Mota},
  title        = {Combinatória},
  year         = {2022},
  publisher    = {IMPA},
  address      = {Rio de Janeiro},
  url          = {https://impa.br/wp-content/uploads/2022/01/33CBM02-eBook.pdf},
}

@article{mantel1907problem,
  title={Problem 28, Wiskundige Opgaven},
  author={Mantel, W},
  year={1907}
}

@article{erdos1975problems,
  title={Problems and results in graph theory and combinatorial analysis},
  author={Erd{\H{o}}s, Paul},
  journal={Proc. British Combinatorial Conj., 5th},
  pages={169--192},
  year={1975}
}

@article{chen1997triangle,
  title={Triangle-free graphs with large degree},
  author={Chen, Chuan-Chong and Jin, Guoping P and Koh, Khee Meng},
  journal={Combinatorics, Probability and Computing},
  volume={6},
  number={4},
  pages={381--396},
  year={1997},
  publisher={Cambridge University Press}
}